@article{six2015multimodal,
  author      = {Joren Six and Marc Leman},
  title       = {{Synchronizing Multimodal Recordings Using Audio-To-Audio Alignment}},
  issn        = {1783-7677},
  volume      = {9},
  number      = {3},
  pages       = {223-229},
  doi         = {10.1007/s12193-015-0196-1},
  journal     = {{Journal of Multimodal User Interfaces}}, 
  publisher   = {Springer Berlin Heidelberg},
  year        = 2015
}

@article{six2013tarsos_jnmr,
	author = {Six, Joren and Cornelis, Olmo and Leman, Marc},
	title = {Tarsos, a Modular Platform for Precise Pitch Analysis  of Western and Non-Western Music},
	journal = {Journal of New Music Research},
	volume = {42},
	number = {2},
	pages = {113-129},
	year = {2013},
	doi = {10.1080/09298215.2013.797999},
	URL = {http://www.tandfonline.com/doi/abs/10.1080/09298215.2013.797999}
}