@inproceedings{six2014tarsosdsp,
	author     = {Joren Six and Olmo Cornelis and Marc Leman},
	title      = {{TarsosDSP, a Real-Time Audio Processing Framework in Java}},
	booktitle  = {{Proceedings of the 53rd AES Conference (AES 53rd)}},
	year       = {2014},
	publisher = {The Audio Engineering Society}
}

@inproceedings{six2014panako,
	author      = {Joren Six and Marc Leman},
	title       = {{Panako - A Scalable Acoustic Fingerprinting System Handling Time-Scale and Pitch Modification}},
	booktitle   = {{Proceedings of the 15th ISMIR Conference (ISMIR 2014)}},
	year        =  2014
}

@article{six2015multimodal,
	author      = {Joren Six and Marc Leman},
	title       = {{Synchronizing Multimodal Recordings Using Audio-To-Audio Alignment}},
	issn        = {1783-7677},
	volume      = {9},
	number      = {3},
	pages       = {223-229},
	doi         = {10.1007/s12193-015-0196-1},
	journal     = {{Journal of Multimodal User Interfaces}},
	publisher   = {Springer Berlin Heidelberg},
	year        = 2015
}

@inproceedings{Wang2003a,
	added-at 	= {2011-11-02T03:50:50.000+0100},
	author 		= {Avery Li-Chun Wang},
	biburl 		= {http://www.bibsonomy.org/bibtex/291c3f49033752dabc8edc87cdad85d36/lran022},
	booktitle 	= {ISMIR 2003, 4th Symposium Conference on Music Information Retrieval},
	pages		= {7-13},
	timestamp 	= {2011-11-02T03:50:58.000+0100},
	title 		= {{An industrial-strength audio search algorithm}},
	year 		= 2003
}

@misc{ipem2016,
	title =        "IPEM - systematic musicology",
	howpublished = "\url{https://www.ugent.be/lw/kunstwetenschappen/en/research-groups/musicology/ipem}",
	note = "[Online; geraadpleegd 05-maart-2016]"
}

@misc{maxmsp2016,
	title =        "Cycling â€˜74 MAX",
	howpublished = "\url{https://cycling74.com/}",
	note = "[Online; geraadpleegd 05-maart-2016]"
}