@inproceedings{six2014tarsosdsp,
	author     = {Joren Six and Olmo Cornelis and Marc Leman},
	title      = {{TarsosDSP, a Real-Time Audio Processing Framework in Java}},
	booktitle  = {{Proceedings of the 53rd AES Conference (AES 53rd)}},
	year       = {2014},
	publisher = {The Audio Engineering Society}
}

@inproceedings{six2014panako,
	author      = {Joren Six and Marc Leman},
	title       = {{Panako - A Scalable Acoustic Fingerprinting System Handling Time-Scale and Pitch Modification}},
	booktitle   = {{Proceedings of the 15th ISMIR Conference (ISMIR 2014)}},
	year        =  2014
}

@article{six2015multimodal,
	author      = {Joren Six and Marc Leman},
	title       = {{Synchronizing Multimodal Recordings Using Audio-To-Audio Alignment}},
	issn        = {1783-7677},
	volume      = {9},
	number      = {3},
	pages       = {223-229},
	doi         = {10.1007/s12193-015-0196-1},
	journal     = {{Journal of Multimodal User Interfaces}},
	publisher   = {Springer Berlin Heidelberg},
	year        = 2015
}

@inproceedings{Wang2003a,
	added-at 	= {2011-11-02T03:50:50.000+0100},
	author 		= {Avery Li-Chun Wang},
	biburl 		= {http://www.bibsonomy.org/bibtex/291c3f49033752dabc8edc87cdad85d36/lran022},
	booktitle 	= {ISMIR 2003, 4th Symposium Conference on Music Information Retrieval},
	pages		= {7-13},
	timestamp 	= {2011-11-02T03:50:58.000+0100},
	title 		= {{An industrial-strength audio search algorithm}},
	year 		= 2003
}

@misc{ipem2016,
	title =        "IPEM - systematic musicology",
	howpublished = "\url{https://www.ugent.be/lw/kunstwetenschappen/en/research-groups/musicology/ipem}",
	note = "[Online; geraadpleegd 05-maart-2016]",
	year = 2016
}

@misc{maxmsp2016,
	title =        "Cycling â€˜74 MAX",
	howpublished = "\url{https://cycling74.com/}",
	note = "[Online; geraadpleegd 05-maart-2016]",
	year = 2016
}

@inproceedings{dixon2005match,
	title={MATCH: A Music Alignment Tool Chest.},
	author={Dixon, Simon and Widmer, Gerhard},
	booktitle={ISMIR},
	pages={492--497},
	year={2005}
}

@inproceedings{dixon2005live,
	title={Live tracking of musical performances using on-line time warping},
	author={Dixon, Simon},
	booktitle={Proceedings of the 8th International Conference on Digital Audio Effects},
	pages={92--97},
	year={2005},
	organization={Citeseer}
}

@incollection{bannach2009automatic,
	title={Automatic event-based synchronization of multimodal data streams from wearable and ambient sensors},
	author={Bannach, David and Amft, Oliver and Lukowicz, Paul},
	booktitle={Smart sensing and context},
	pages={135--148},
	year={2009},
	publisher={Springer}
}

@inproceedings{jaimovich2010synchronization,
	title={Synchronization of Multimodal Recordings for Musical Performance Research.},
	author={Jaimovich, Javier and Knapp, Benjamin},
	booktitle={NIME},
	pages={372--374},
	year={2010}
}

@inproceedings{ratanamahatana2004everything,
	title={Everything you know about dynamic time warping is wrong},
	author={Ratanamahatana, Chotirat Ann and Keogh, Eamonn},
	booktitle={Third Workshop on Mining Temporal and Sequential Data},
	year={2004},
	organization={Citeseer}
}

@article{salvador2007toward,
	title={Toward accurate dynamic time warping in linear time and space},
	author={Salvador, Stan and Chan, Philip},
	journal={Intelligent Data Analysis},
	volume={11},
	number={5},
	pages={561--580},
	year={2007},
	publisher={IOS Press}
}

@article {spectrogram_dict,
	title = {Dictionary.com Unabridged},
	month = {Mar},
	day = {09},
	year = {2016},
	url = {http://www.dictionary.com/browse/sound-spectrogram},
}

@article{oppenheim1970speech,
	title={Speech spectrograms using the fast Fourier transform},
	author={Oppenheim, Alan V},
	journal={IEEE spectrum},
	volume={8},
	number={7},
	pages={57--62},
	year={1970}
}

@article{kollarconfiguration,
	title={Configuration of FFmpeg for High Stability During Encoding},
	author={Koll{\'a}r, Roman}
}

@techreport{barras2012sox,
	title={SoX: Sound eXchange},
	author={Barras, Benjamin},
	year={2012}
}

@techreport{pitchrepresentation,
	title={Pitch, Pitch Interval and Pitch Ratio Representation},
	author={Six, Joren},
	year={2011}
}

@inproceedings{cannam2010sonic,
	title={Sonic visualiser: An open source application for viewing, analysing, and annotating music audio files},
	author={Cannam, Chris and Landone, Christian and Sandler, Mark},
	booktitle={Proceedings of the 18th ACM international conference on Multimedia},
	pages={1467--1468},
	year={2010},
	organization={ACM}
}

@misc{audacity2016,
	title = {{Audacity}},
	howpublished = "\url{http://audacity.sourceforge.net/}",
	year = {2015}, 
	note = "[Online; geraadpleegd 12-maart-2016]"
}

@misc{cycling2016,
	title = {{Cycling '74 Max}},
	howpublished = "\url{https://cycling74.com/}",
	year = {2016}, 
	note = "[Online; geraadpleegd 12-maart-2016]"
}

@misc{teensy2016,
	title = {{Teensy USB Development Board}},
	howpublished = "\url{https://www.pjrc.com/teensy/}",
	year = {2016}, 
	note = "[Online; geraadpleegd 19-maart-2016]"
}

@misc{xiph2016,
	title = {{A Digital Media Primer for Geeks}},
	howpublished = "\url{https://xiph.org/video/vid1.shtml}",
	year = {2016},
	note = "[Online; geraadpleegd 21-maart-2016]",
	
}

@manual{tarsosmanual2016,
	title        = {Digital Sound Processing and Java},
	author       = {Six, Joren}, 
	organization = {UGent, IPEM},
	address      = {Sint-Pietersnieuwstraat 41, 9000 Ghent - Belgium},
	month        = 5,
	year         = 2015
}

@book{fries2005digital,
	title={Digital Audio Essentials: A comprehensive guide to creating, recording, editing, and sharing music and other audio},
	author={Fries, B. and Fries, M.},
	isbn={9781491925638},
	series={O'Reilly Digital Studio},
	year={2005},
	publisher={O'Reilly Media}
}

@article{nyquist1928certain,
	title={Certain topics in telegraph transmission theory},
	author={Nyquist, Harry},
	year={1928},
	publisher={publisher not identified},
}

@article{bello2005tutorial,
	title={A tutorial on onset detection in music signals},
	author={Bello, Juan Pablo and Daudet, Laurent and Abdallah, Samer and Duxbury, Chris and Davies, Mike and Sandler, Mark B},
	journal={Speech and Audio Processing, IEEE Transactions on},
	volume={13},
	number={5},
	pages={1035--1047},
	year={2005},
	publisher={IEEE}
}

@article{vlissides1995design,
	title={Design patterns: Elements of reusable object-oriented software},
	author={Vlissides, John and Helm, Richard and Johnson, Ralph and Gamma, Erich},
	journal={Reading: Addison-Wesley},
	volume={49},
	number={120},
	pages={11},
	year={1995}
}

@misc{mspmidi,
	title = "MSP MIDI Tutorial 1: Mapping MIDI to MSP",
	howpublished = "\url{https://cycling74.com/wiki/index.php?title=MSP_MIDI_Tutorial_1:_Mapping_MIDI_to_MSP}",
	note = "[Online; geraadpleegd 29-mei-2016]",
	year = 2016
}